% This file was created with JabRef 2.6.
% Encoding: Cp1252

@article{chakravarthi2023detecting,
  title={Detecting abusive comments at a fine-grained level in a low-resource language},
  author={Chakravarthi, B.R. and Priyadharshini, R. and Banerjee, S. and Jagadeeshan, M.B. and Kumaresan, P.K. and Ponnusamy, R. and Benhur, S. and McCrae, J.P.},
  journal={Natural Language Processing Journal},
  volume={3},
  pages={100006},
  year={2023},
  publisher={Elsevier}
}

@article{saleh2023detection,
  title={Detection of hate speech using BERT and hate speech word embedding with deep model},
  author={Saleh, H. and Alhothali, A. and Moria, K.},
  journal={Applied Artificial Intelligence},
  volume={37},
  number={1},
  pages={2166719},
  year={2023},
  publisher={Taylor \& Francis}
}

@article{mazari2023bert,
  title={BERT-based ensemble learning for multi-aspect hate speech detection},
  author={Mazari, A.C. and Boudoukhani, N. and Djeffal, A.},
  journal={Cluster Computing},
  pages={1-15},
  year={2023},
  publisher={Springer}
}

@article{khan2023offensive,
  title={Offensive Language Detection for Low Resource Language Using Deep Sequence Model},
  author={Khan, A.A. and Iqbal, M.H. and Nisar, S. and Ahmad, A. and Iqbal, W.},
  journal={IEEE Transactions on Computational Social Systems},
  year={2023},
  publisher={IEEE}
}

@article{quoc2023vietnamese,
  title={Vietnamese hate and offensive detection using PhoBERT-CNN and social media streaming data},
  author={Quoc Tran, K. and Trong Nguyen, A. and Hoang, P.G. and Luu, C.D. and Do, T.-H. and Van Nguyen, K.},
  journal={Neural Computing and Applications},
  volume={35},
  number={1},
  pages={573-594},
  year={2023},
  publisher={Springer}
}

@article{anand2023deep,
  title={Deep learning and natural language processing in computation for offensive language detection in online social networks by feature selection and ensemble classification techniques},
  author={Anand, M. and Sahay, K.B. and Ahmed, M.A. and Sultan, D. and Chandan, R.R. and Singh, B.},
  journal={Theoretical Computer Science},
  volume={943},
  pages={203-218},
  year={2023},
  publisher={Elsevier}
}

@article{saeed2023detection,
  title={Detection of Offensive Language and ITS Severity for Low Resource Language},
  author={Saeed, R. and Afzal, H. and Rauf, S.A. and Iltaf, N.},
  journal={ACM Transactions on Asian and Low-Resource Language Information Processing},
  volume={22},
  number={6},
  pages={1-27},
  year={2023},
  publisher={ACM New York, NY}
}

@inproceedings{priyadharshini2023overview,
  title={Overview of shared-task on abusive comment detection in tamil and telugu},
  author={Priyadharshini, R. and Chakravarthi, B.R. and Malliga, S. and Subalalitha, C.N. and Kogilavani, S.V. and Premjith, B. and Murugappan, A. and Kumaresan, P.K.},
  booktitle={Proceedings of the Third Workshop on Speech and Language Technologies for Dravidian Languages},
  pages={80-87},
  year={2023}
}

@inproceedings{shanmugavadivel2023kec_ai_nlp,
  title={KEC\_AI\_NLP@ DravidianLangTech: Abusive Comment Detection in Tamil Language},
  author={Shanmugavadivel, K. and Subramanian, M. and Srigha, S. and JS, Sree Harene},
  booktitle={Proceedings of the Third Workshop on Speech and Language Technologies for Dravidian Languages},
  pages={293-299},
  year={2023}
}

@inproceedings{palanikumar2023development,
  title={Development of Multi-lingual Models for Detecting Hope Speech Texts from Social Media Comments},
  author={Palanikumar, V. and Mohan, M. and Shanmugavadivel, K.},
  booktitle={Speech and Language Technologies for Low-Resource Languages: First International Conference, SPELLL 2022, Kalavakkam, India, November 23--25, 2022, Proceedings},
  pages={209},
  year={2023},
  publisher={Springer Nature}
}

@article{chakravarthi2023offensive,
  title={Offensive language identification in dravidian languages using MPNet and CNN},
  author={Chakravarthi, B.R. and Jagadeeshan, M.B. and Palanikumar, V. and Priyadharshini, R.},
  journal={International Journal of Information Management Data Insights},
  volume={3},
  number={1},
  pages={100151},
  year={2023},
  publisher={Elsevier}
}

@inproceedings{barman2023hate,
  title={hate-alert@ DravidianLangTech: Multimodal Abusive Language Detection and Sentiment Analysis in Dravidian Languages},
  author={Barman, S. and Das, M.},
  booktitle={Proceedings of the Third Workshop on Speech and Language Technologies for Dravidian Languages},
  pages={217-224},
  year={2023}
}

@article{balakrishnan2023tamil,
  title={Tamil Offensive Language Detection: Supervised versus Unsupervised Learning Approaches},
  author={Balakrishnan, V. and Govindan, V. and Govaichelvan, K.N.},
  journal={ACM Transactions on Asian and Low-Resource Language Information Processing},
  volume={22},
  number={4},
  pages={1-14},
  year={2023},
  publisher={ACM New York, NY}
}

@article{divya2023transformer,
  title={Transformer based model for offensive content recognition in dravidian languages},
  author={Divya, S. and Sripriya, N.},
  journal={Brazilian Journal of Development},
  volume={9},
  number={12},
  pages={30656-30667},
  year={2023}
}

@article{paul2023context,
  title={A context-sensitive multi-tier deep learning framework for multimodal sentiment analysis},
  author={Paul, A. and Nayyar, A.},
  journal={Multimedia Tools and Applications},
  pages={1-30},
  year={2023},
  publisher={Springer}
}

@inproceedings{abeera2023social,
  title={Social Media Data Analysis for Malayalam YouTube Comments: Sentiment Analysis and Emotion Detection using ML and DL Models},
  author={Abeera, V.P. and Kumar, S. and Soman, K.P.},
  booktitle={Proceedings of the Third Workshop on Speech and Language Technologies for Dravidian Languages},
  pages={43-51},
  year={2023}
}

@article{chakravarthi2021lre,
  title={DravidianCodeMix: Sentiment Analysis and Offensive Language Identification Dataset for Dravidian Languages in Code-Mixed Text},
  author={Chakravarthi, B.R. and Priyadharshini, R. and Muralidaran, V. and Jose, N. and Suryawanshi, S. and Sherly, E. and McCrae, J.P.},
  journal={Language Resources and Evaluation},
  year={2021},
  publisher={Springer}
}

@article{jothi2023,
  title={Cross-lingual Sentiment Analysis of Tamil Language Using a Multi-stage Deep Learning Architecture},
  author={V, J. P. and S, A. A. Vijay},
  journal={ACM Trans. Asian Low-Resour. Lang. Inf. Process.},
  volume={22},
  number={12},
  year={2023},
  doi={10.1145/3631391}
}

@article{jothi2024,
  title={A multi-aspect framework for explainable sentiment analysis},
  author={V, J. P. and S, A. A. Vijay},
  journal={Pattern Recognition Letters},
  volume={178},
  pages={122-129},
  year={2024},
  doi={https://doi.org/10.1016/j.patrec.2024.01.001}
}

@comment{jabref-meta: selector_author:}

@comment{jabref-meta: selector_journal:}

@comment{jabref-meta: selector_keywords:}

@comment{jabref-meta: selector_publisher:}

@comment{jabref-meta: selector_review:}
